<?xml version="1.0" encoding="UTF-8"?><record xmlns="http://www.loc.gov/MARC21/slim" xmlns:cinclude="http://apache.org/cocoon/include/1.0" xmlns:zs="http://www.loc.gov/zing/srw/">
  <leader>00602cz  a2200157n  4500</leader>
  <controlfield tag="001">n  85246387 </controlfield>
  <controlfield tag="003">DLC</controlfield>
  <controlfield tag="005">20130314083053.0</controlfield>
  <controlfield tag="008">880426n| azannaabn          |a ana     c</controlfield>
  <datafield tag="010" ind1=" " ind2=" ">
    <subfield code="a">n  85246387 </subfield>
  </datafield>
  <datafield tag="035" ind1=" " ind2=" ">
    <subfield code="a">(OCoLC)oca02260867</subfield>
  </datafield>
  <datafield tag="040" ind1=" " ind2=" ">
    <subfield code="a">DI</subfield>
    <subfield code="b">eng</subfield>
    <subfield code="e">rda</subfield>
    <subfield code="c">DLC</subfield>
    <subfield code="d">DLC</subfield>
    <subfield code="d">OCoLC</subfield>
    <subfield code="d">DLC</subfield>
  </datafield>
  <datafield tag="110" ind1="2" ind2=" ">
    <subfield code="a">Natrona County Planning Office</subfield>
  </datafield>
  <datafield tag="410" ind1="1" ind2=" ">
    <subfield code="a">Natrona County (Wyo.).</subfield>
    <subfield code="b">Planning Department</subfield>
  </datafield>
  <datafield tag="410" ind1="1" ind2=" ">
    <subfield code="a">Natrona County (Wyo.).</subfield>
    <subfield code="b">Planning Office</subfield>
  </datafield>
  <datafield tag="670" ind1=" " ind2=" ">
    <subfield code="a">The Oregon-California-Mormon Trail through Natrona County, 1985?:</subfield>
    <subfield code="b">verso of t.p. (Natrona County Planning Office; Natrona County Planning Department; Wyoming)</subfield>
  </datafield>
</record>